@book{bate1971fundamentals,
	title={Fundamentals of Astrodynamics},
	author={Bate, R.R. and Mueller, D.D. and White, J.E.},
	isbn={9780486600611},
	lccn={73157430},
	series={Dover Books on Aeronautical Engineering Series},
	url={https://books.google.co.jp/books?id=UtJK8cetqGkC},
	year={1971},
	publisher={Dover Publications}
}